
%%%%%%%%%%%%%%%%%%%%%%%%%%%%%%%%%%%%%%%%%%%%%%%%%%%%%%%%%%%%%%%%%%%%%%%%%%%%%%%%%%%%%%%%%%%%%%%%%%%
%%% game of life
%%%%%%%%%%%%%%%%%%%%%%%%%%%%%%%%%%%%%%%%%%%%%%%%%%%%%%%%%%%%%%%%%%%%%%%%%%%%%%%%%%%%%%%%%%%%%%%%%%%
@inproceedings{springer2021s,
  title={It's hard for neural networks to learn the game of life},
  author={Springer, Jacob M and Kenyon, Garrett T},
  booktitle={2021 International Joint Conference on Neural Networks (IJCNN)},
  pages={1--8},
  year={2021},
  organization={IEEE}
}

% books
@book{adamatzky2010game,
  title={Game of life cellular automata},
  author={Adamatzky, Andrew},
  volume={1},
  year={2010},
  publisher={Springer}
}
@misc{hirte2022john,
  title={John Horton Conway’s Game of Life: An overview and examples},
  author={Hirte, Raphael},
  year={2022},
  publisher={Ludwig-Maximilians-Universität München}
}

% graphs
@article{krechetov2021game,
  title={Game of life on graphs},
  author={Krechetov, Mikhail},
  journal={arXiv preprint arXiv:2111.01780},
  year={2021}
}
@article{grattarola2021learning,
  title={Learning graph cellular automata},
  author={Grattarola, Daniele and Livi, Lorenzo and Alippi, Cesare},
  journal={Advances in Neural Information Processing Systems},
  volume={34},
  pages={20983--20994},
  year={2021}
}

% generalizations
@article{adachi2004game,
  title={The Game of Life at finite temperature},
  author={Adachi, Susumu and Peper, Ferdinand and Lee, Jia},
  journal={Physica D: Nonlinear Phenomena},
  volume={198},
  number={3-4},
  pages={182--196},
  year={2004},
  publisher={Elsevier}
}
@article{rafler2011generalization,
  title={Generalization of Conway's" Game of Life" to a continuous domain-SmoothLife},
  author={Rafler, Stephan},
  journal={arXiv preprint arXiv:1111.1567},
  year={2011}
}
@article{aach2021generalization,
  title={Generalization over different cellular automata rules learned by a deep feed-forward neural network},
  author={Aach, Marcel and Goebbert, Jens Henrik and Jitsev, Jenia},
  journal={arXiv preprint arXiv:2103.14886},
  year={2021}
}
@incollection{peper2010variations,
  title={Variations on the game of life},
  author={Peper, Ferdinand and Adachi, Susumu and Lee, Jia},
  booktitle={Game of Life Cellular Automata},
  pages={235--255},
  year={2010},
  publisher={Springer}
}

% applications in gol
@incollection{rennard2002implementation,
  title={Implementation of logical functions in the Game of Life},
  author={Rennard, Jean-Philippe},
  booktitle={Collision-based computing},
  pages={491--512},
  year={2002},
  publisher={Springer}
}
@inproceedings{rendell2011universal,
  title={A universal turing machine in conway's game of life},
  author={Rendell, Paul},
  booktitle={2011 International Conference on High Performance Computing \& Simulation},
  pages={764--772},
  year={2011},
  organization={IEEE}
}

% cnn
@incollection{goodfellow2016convolutional,
  title={Convolutional networks},
  author={Goodfellow, Ian and Bengio, Yoshua and Courville, Aaron},
  booktitle={Deep learning},
  volume={2016},
  pages={330--372},
  year={2016},
  publisher={MIT press Cambridge, MA, USA}
}


%%%%%%%%%%%%%%%%%%%%%%%%%%%%%%%%%%%%%%%%%%%%%%%%%%%%%%%%%%%%%%%%%%%%%%%%%%%%%%%%%%%%%%%%%%%%%%%%%%%
%%% constrained ml
%%%%%%%%%%%%%%%%%%%%%%%%%%%%%%%%%%%%%%%%%%%%%%%%%%%%%%%%%%%%%%%%%%%%%%%%%%%%%%%%%%%%%%%%%%%%%%%%%%%
@article{perez2021constrained,
  title={Constrained Machine Learning: The Bagel Framework},
  author={Perez, Guillaume and Ament, Sebastian and Gomes, Carla and Lallouet, Arnaud},
  journal={arXiv preprint arXiv:2112.01088},
  year={2021}
}
@inproceedings{yao2021power,
  title={Power constrained bandits},
  author={Yao, Jiayu and Brunskill, Emma and Pan, Weiwei and Murphy, Susan and Doshi-Velez, Finale},
  booktitle={Machine Learning for Healthcare Conference},
  pages={209--259},
  year={2021},
  organization={PMLR}
}
@book{gori2023machine,
  title={Machine Learning: A constraint-based approach},
  author={Gori, Marco and Betti, Alessandro and Melacci, Stefano},
  year={2023},
  publisher={Elsevier}
}

% applications: healthcare
@inproceedings{ahmad2018interpretable,
  title={Interpretable machine learning in healthcare},
  author={Ahmad, Muhammad Aurangzeb and Eckert, Carly and Teredesai, Ankur},
  booktitle={Proceedings of the 2018 ACM international conference on bioinformatics, computational biology, and health informatics},
  pages={559--560},
  year={2018}
}
@article{chen2021ethical,
  title={Ethical machine learning in healthcare},
  author={Chen, Irene Y and Pierson, Emma and Rose, Sherri and Joshi, Shalmali and Ferryman, Kadija and Ghassemi, Marzyeh},
  journal={Annual review of biomedical data science},
  volume={4},
  pages={123--144},
  year={2021},
  publisher={Annual Reviews}
}
@article{nguyen2021budget,
  title={Budget constrained machine learning for early prediction of adverse outcomes for COVID-19 patients},
  author={Nguyen, Sam and Chan, Ryan and Cadena, Jose and Soper, Braden and Kiszka, Paul and Womack, Lucas and Work, Mark and Duggan, Joan M and Haller, Steven T and Hanrahan, Jennifer A and others},
  journal={Scientific Reports},
  volume={11},
  number={1},
  pages={19543},
  year={2021},
  publisher={Nature Publishing Group UK London}
}

% applications: automated vehicles
@article{gonzalez2015review,
  title={A review of motion planning techniques for automated vehicles},
  author={Gonz{\'a}lez, David and P{\'e}rez, Joshu{\'e} and Milan{\'e}s, Vicente and Nashashibi, Fawzi},
  journal={IEEE Transactions on intelligent transportation systems},
  volume={17},
  number={4},
  pages={1135--1145},
  year={2015},
  publisher={IEEE}
}
@article{dalal2018safe,
  title={Safe exploration in continuous action spaces},
  author={Dalal, Gal and Dvijotham, Krishnamurthy and Vecerik, Matej and Hester, Todd and Paduraru, Cosmin and Tassa, Yuval},
  journal={arXiv preprint arXiv:1801.08757},
  year={2018}
}

% applications: finance
@article{bae2022constrained,
  title={A constrained consensus based optimization algorithm and its application to finance},
  author={Bae, Hyeong-Ohk and Ha, Seung-Yeal and Kang, Myeongju and Lim, Hyuncheul and Min, Chanho and Yoo, Jane},
  journal={Applied Mathematics and Computation},
  volume={416},
  pages={126726},
  year={2022},
  publisher={Elsevier}
}
@article{al2022optimization,
  title={Optimization algorithms and investment portfolio analytics with machine learning techniques under time-varying liquidity constraints},
  author={Al Janabi, Mazin AM},
  journal={Journal of Modelling in Management},
  volume={17},
  number={3},
  pages={864--895},
  year={2022},
  publisher={Emerald Publishing Limited}
}

% applications: nlp
@article{ammanabrolu2020graph,
  title={Graph constrained reinforcement learning for natural language action spaces},
  author={Ammanabrolu, Prithviraj and Hausknecht, Matthew},
  journal={arXiv preprint arXiv:2001.08837},
  year={2020}
}
@article{yang2021safe,
  title={Safe reinforcement learning with natural language constraints},
  author={Yang, Tsung-Yen and Hu, Michael Y and Chow, Yinlam and Ramadge, Peter J and Narasimhan, Karthik},
  journal={Advances in Neural Information Processing Systems},
  volume={34},
  pages={13794--13808},
  year={2021}
}
@article{zhang2022survey,
  title={A survey of controllable text generation using transformer-based pre-trained language models},
  author={Zhang, Hanqing and Song, Haolin and Li, Shaoyu and Zhou, Ming and Song, Dawei},
  journal={arXiv preprint arXiv:2201.05337},
  year={2022}
}

% related work
@article{nye2018efficient,
  title={Are efficient deep representations learnable?},
  author={Nye, Maxwell and Saxe, Andrew},
  journal={arXiv preprint arXiv:1807.06399},
  year={2018}
}
@article{winoto2020small,
  title={Small and slim deep convolutional neural network for mobile device},
  author={Winoto, Amadeus Suryo and Kristianus, Michael and Premachandra, Chinthaka},
  journal={IEEE Access},
  volume={8},
  pages={125210--125222},
  year={2020},
  publisher={IEEE}
}
@article{blalock2020state,
  title={What is the state of neural network pruning?},
  author={Blalock, Davis and Gonzalez Ortiz, Jose Javier and Frankle, Jonathan and Guttag, John},
  journal={Proceedings of machine learning and systems},
  volume={2},
  pages={129--146},
  year={2020}
}
@article{dereventsov2021offline,
  title={Offline policy comparison under limited historical agent-environment interactions},
  author={Dereventsov, Anton and Daws Jr, Joseph D and Webster, Clayton},
  journal={arXiv preprint arXiv:2106.03934},
  year={2021}
}
@article{fu2021benchmarks,
  title={Benchmarks for deep off-policy evaluation},
  author={Fu, Justin and Norouzi, Mohammad and Nachum, Ofir and Tucker, George and Wang, Ziyu and Novikov, Alexander and Yang, Mengjiao and Zhang, Michael R and Chen, Yutian and Kumar, Aviral and others},
  journal={arXiv preprint arXiv:2103.16596},
  year={2021}
}
@article{dulac2021challenges,
  title={Challenges of real-world reinforcement learning: definitions, benchmarks and analysis},
  author={Dulac-Arnold, Gabriel and Levine, Nir and Mankowitz, Daniel J and Li, Jerry and Paduraru, Cosmin and Gowal, Sven and Hester, Todd},
  journal={Machine Learning},
  volume={110},
  number={9},
  pages={2419--2468},
  year={2021},
  publisher={Springer}
}
@article{aslanides2017universal,
  title={Universal reinforcement learning algorithms: Survey and experiments},
  author={Aslanides, John and Leike, Jan and Hutter, Marcus},
  journal={arXiv preprint arXiv:1705.10557},
  year={2017}
}
@article{bojun2020steady,
  title={Steady state analysis of episodic reinforcement learning},
  author={Bojun, Huang},
  journal={Advances in Neural Information Processing Systems},
  volume={33},
  pages={9335--9345},
  year={2020}
}
@inproceedings{tennenholtz2020off,
  title={Off-policy evaluation in partially observable environments},
  author={Tennenholtz, Guy and Shalit, Uri and Mannor, Shie},
  booktitle={Proceedings of the AAAI Conference on Artificial Intelligence},
  volume={34},
  year={2020}
}


%%%%%%%%%%%%%%%%%%%%%%%%%%%%%%%%%%%%%%%%%%%%%%%%%%%%%%%%%%%%%%%%%%%%%%%%%%%%%%%%%%%%%%%%%%%%%%%%%%%
%%% data-centric ml
%%%%%%%%%%%%%%%%%%%%%%%%%%%%%%%%%%%%%%%%%%%%%%%%%%%%%%%%%%%%%%%%%%%%%%%%%%%%%%%%%%%%%%%%%%%%%%%%%%%
@article{pan2022data,
  title={Data-centric Engineering: integrating simulation, machine learning and statistics. Challenges and opportunities},
  author={Pan, Indranil and Mason, Lachlan R and Matar, Omar K},
  journal={Chemical Engineering Science},
  volume={249},
  pages={117271},
  year={2022},
  publisher={Elsevier}
}
@inproceedings{anik2021data,
  title={Data-centric explanations: explaining training data of machine learning systems to promote transparency},
  author={Anik, Ariful Islam and Bunt, Andrea},
  booktitle={Proceedings of the 2021 CHI Conference on Human Factors in Computing Systems},
  pages={1--13},
  year={2021}
}
@article{miranda2021towards,
  title={Towards data-centric machine learning: a short review},
  author={Miranda, Lester James},
  journal={ljvmiranda921.github.io},
  year={2021}
}
@article{zha2023data,
  title={Data-centric AI: Perspectives and Challenges},
  author={Zha, Daochen and Bhat, Zaid Pervaiz and Lai, Kwei-Herng and Yang, Fan and Hu, Xia},
  journal={arXiv preprint arXiv:2301.04819},
  year={2023}
}
@article{majeed2023data,
  title={Data-Centric Artificial Intelligence, Preprocessing, and the Quest for Transformative Artificial Intelligence Systems Development},
  author={Majeed, Abdul and Hwang, Seong Oun},
  journal={Computer},
  volume={56},
  number={5},
  pages={109--115},
  year={2023},
  publisher={IEEE}
}
@article{seedat2022dc,
  title={DC-Check: A Data-Centric AI checklist to guide the development of reliable machine learning systems},
  author={Seedat, Nabeel and Imrie, Fergus and van der Schaar, Mihaela},
  journal={arXiv preprint arXiv:2211.05764},
  year={2022}
}

% applications: healthcare
@article{zahid2021systematic,
  title={A systematic review of emerging information technologies for sustainable data-centric health-care},
  author={Zahid, Arnob and Poulsen, Jennifer Kay and Sharma, Ravi and Wingreen, Stephen C},
  journal={International Journal of Medical Informatics},
  volume={149},
  pages={104420},
  year={2021},
  publisher={Elsevier}
}
@article{emmert2022digital,
  title={What Is a Digital Twin? Experimental Design for a Data-Centric Machine Learning Perspective in Health},
  author={Emmert-Streib, Frank and Yli-Harja, Olli},
  journal={International Journal of Molecular Sciences},
  volume={23},
  number={21},
  pages={13149},
  year={2022},
  publisher={MDPI}
}
@article{dritsas2022data,
  title={Data-driven machine-learning methods for diabetes risk prediction},
  author={Dritsas, Elias and Trigka, Maria},
  journal={Sensors},
  volume={22},
  number={14},
  pages={5304},
  year={2022},
  publisher={MDPI}
}

% applications: finance
@article{liu2022finrl,
  title={FinRL-Meta: Market environments and benchmarks for data-driven financial reinforcement learning},
  author={Liu, Xiao-Yang and Xia, Ziyi and Rui, Jingyang and Gao, Jiechao and Yang, Hongyang and Zhu, Ming and Wang, Christina and Wang, Zhaoran and Guo, Jian},
  journal={Advances in Neural Information Processing Systems},
  volume={35},
  pages={1835--1849},
  year={2022}
}
@article{horvatha2023harnessing,
  title={Harnessing Quantitative Finance by Data-Centric Methods},
  author={Horvatha, Blanka and Gonzalezb, Aitor Muguruza and Pakkanenc, Mikko S},
  journal={Machine Learning and Data Sciences for Financial Markets: A Guide to Contemporary Practices},
  pages={265},
  year={2023},
  publisher={Cambridge University Press}
}

% applications: environmental sciences
@inproceedings{devarajan2021dlio,
  title={Dlio: A data-centric benchmark for scientific deep learning applications},
  author={Devarajan, Hariharan and Zheng, Huihuo and Kougkas, Anthony and Sun, Xian-He and Vishwanath, Venkatram},
  booktitle={2021 IEEE/ACM 21st International Symposium on Cluster, Cloud and Internet Computing (CCGrid)},
  pages={81--91},
  year={2021},
  organization={IEEE}
}
@article{li2022big,
  title={Big Geospatial Data and Data-Driven Methods for Urban Dengue Risk Forecasting: A Review},
  author={Li, Zhichao and Dong, Jinwei},
  journal={Remote Sensing},
  volume={14},
  number={19},
  pages={5052},
  year={2022},
  publisher={MDPI}
}

% fairness and bias in data
@inproceedings{jo2020lessons,
  title={Lessons from archives: Strategies for collecting sociocultural data in machine learning},
  author={Jo, Eun Seo and Gebru, Timnit},
  booktitle={Proceedings of the 2020 conference on fairness, accountability, and transparency},
  pages={306--316},
  year={2020}
}

% data collection
@article{roh2019survey,
  title={A survey on data collection for machine learning: a big data-ai integration perspective},
  author={Roh, Yuji and Heo, Geon and Whang, Steven Euijong},
  journal={IEEE Transactions on Knowledge and Data Engineering},
  volume={33},
  number={4},
  pages={1328--1347},
  year={2019},
  publisher={IEEE}
}

% domain expert knowledge
@article{gennatas2020expert,
  title={Expert-augmented machine learning},
  author={Gennatas, Efstathios D and Friedman, Jerome H and Ungar, Lyle H and Pirracchio, Romain and Eaton, Eric and Reichmann, Lara G and Interian, Yannet and Luna, Jos{\'e} Marcio and Simone, Charles B and Auerbach, Andrew and others},
  journal={Proceedings of the National Academy of Sciences},
  volume={117},
  number={9},
  pages={4571--4577},
  year={2020},
  publisher={National Acad Sciences}
}

% related work
@article{motamedi2021data,
  title={A data-centric approach for training deep neural networks with less data},
  author={Motamedi, Mohammad and Sakharnykh, Nikolay and Kaldewey, Tim},
  journal={arXiv preprint arXiv:2110.03613},
  year={2021}
}
@article{ratner2016data,
  title={Data programming: Creating large training sets, quickly},
  author={Ratner, Alexander J and De Sa, Christopher M and Wu, Sen and Selsam, Daniel and R{\'e}, Christopher},
  journal={Advances in neural information processing systems},
  volume={29},
  year={2016}
}
@inproceedings{abufadda2021survey,
  title={A survey of synthetic data generation for machine learning},
  author={Abufadda, Mohammad and Mansour, Khalid},
  booktitle={2021 22nd international arab conference on information technology (ACIT)},
  pages={1--7},
  year={2021},
  organization={IEEE}
}


%%%%%%%%%%%%%%%%%%%%%%%%%%%%%%%%%%%%%%%%%%%%%%%%%%%%%%%%%%%%%%%%%%%%%%%%%%%%%%%%%%%%%%%%%%%%%%%%%%%
%%% related work
%%%%%%%%%%%%%%%%%%%%%%%%%%%%%%%%%%%%%%%%%%%%%%%%%%%%%%%%%%%%%%%%%%%%%%%%%%%%%%%%%%%%%%%%%%%%%%%%%%%
% image-to-image translation
@inproceedings{isola2017image,
  title={Image-to-image translation with conditional adversarial networks},
  author={Isola, Phillip and Zhu, Jun-Yan and Zhou, Tinghui and Efros, Alexei A},
  booktitle={Proceedings of the IEEE conference on computer vision and pattern recognition},
  pages={1125--1134},
  year={2017}
}
@inproceedings{murez2018image,
  title={Image to image translation for domain adaptation},
  author={Murez, Zak and Kolouri, Soheil and Kriegman, David and Ramamoorthi, Ravi and Kim, Kyungnam},
  booktitle={Proceedings of the IEEE conference on computer vision and pattern recognition},
  pages={4500--4509},
  year={2018}
}
@article{pang2021image,
  title={Image-to-image translation: Methods and applications},
  author={Pang, Yingxue and Lin, Jianxin and Qin, Tao and Chen, Zhibo},
  journal={IEEE Transactions on Multimedia},
  volume={24},
  pages={3859--3881},
  year={2021},
  publisher={IEEE}
}


%%%%%%%%%%%%%%%%%%%%%%%%%%%%%%%%%%%%%%%%%%%%%%%%%%%%%%%%%%%%%%%%%%%%%%%%%%%%%%%%%%%%%%%%%%%%%%%%%%%
%%% optimization
%%%%%%%%%%%%%%%%%%%%%%%%%%%%%%%%%%%%%%%%%%%%%%%%%%%%%%%%%%%%%%%%%%%%%%%%%%%%%%%%%%%%%%%%%%%%%%%%%%%
% adadelta
@article{zeiler2012adadelta,
  title={Adadelta: an adaptive learning rate method},
  author={Zeiler, Matthew D},
  journal={arXiv preprint arXiv:1212.5701},
  year={2012}
}

% adafactor
@inproceedings{shazeer2018adafactor,
  title={Adafactor: Adaptive learning rates with sublinear memory cost},
  author={Shazeer, Noam and Stern, Mitchell},
  booktitle={International Conference on Machine Learning},
  pages={4596--4604},
  year={2018},
  organization={PMLR}
}

% adagrad
@article{duchi2011adaptive,
  title={Adaptive subgradient methods for online learning and stochastic optimization.},
  author={Duchi, John and Hazan, Elad and Singer, Yoram},
  journal={Journal of machine learning research},
  volume={12},
  number={7},
  year={2011}
}

% adamw
@article{loshchilov2017decoupled,
  title={Decoupled weight decay regularization},
  author={Loshchilov, Ilya and Hutter, Frank},
  journal={arXiv preprint arXiv:1711.05101},
  year={2017}
}

% adam, adamax
@article{kingma2014adam,
  title={Adam: A method for stochastic optimization},
  author={Kingma, Diederik P and Ba, Jimmy},
  journal={arXiv preprint arXiv:1412.6980},
  year={2014}
}

% ftrl
@inproceedings{mcmahan2013ad,
  title={Ad click prediction: a view from the trenches},
  author={McMahan, H Brendan and Holt, Gary and Sculley, David and Young, Michael and Ebner, Dietmar and Grady, Julian and Nie, Lan and Phillips, Todd and Davydov, Eugene and Golovin, Daniel and others},
  booktitle={Proceedings of the 19th ACM SIGKDD international conference on Knowledge discovery and data mining},
  pages={1222--1230},
  year={2013}
}

% nadam
@misc{dozat2016incorporating,
  title={Incorporating {N}esterov momentum into {A}dam},
  author={Dozat, Timothy},
  howpublished = "\url{http://cs229.stanford.edu/proj2015/054_report.pdf}",
  year={2016}
}

% rmsprop
@misc{hinton2012neural,
  title={Neural networks for machine learning lecture 6a overview of mini-batch gradient descent},
  author={Hinton, Geoffrey and Srivastava, Nitish and Swersky, Kevin},
  howpublished="\url{http://www.cs.toronto.edu/~tijmen/csc321/slides/lecture_slides_lec6.pdf}",
  year={2012}
}

% sgd with momentum
@inproceedings{sutskever2013importance,
  title={On the importance of initialization and momentum in deep learning},
  author={Sutskever, Ilya and Martens, James and Dahl, George and Hinton, Geoffrey},
  booktitle={International conference on machine learning},
  pages={1139--1147},
  year={2013},
  organization={PMLR}
}

% genetic algorithm
@article{shapiro2001genetic,
  title={Genetic algorithms in machine learning},
  author={Shapiro, Jonathan},
  journal={Machine Learning and Its Applications: Advanced Lectures},
  pages={146--168},
  year={2001},
  publisher={Springer}
}

% smoothing based
@article{zhang2020scalable,
  title={A scalable evolution strategy with directional Gaussian smoothing for blackbox optimization},
  author={Zhang, Jiaxin and Tran, Hoang and Lu, Dan and Zhang, Guannan},
  journal={arXiv preprint},
  year={2020}
}




